<?xml version="1.0" encoding="UTF-8"?><collection xmlns="http://www.loc.gov/MARC21/slim"><record><leader>00391nam--2200121-i-4500</leader><controlfield tag="001">000016239</controlfield><controlfield tag="002">20161230</controlfield><controlfield tag="005">20161230201031</controlfield><controlfield tag="008">060222s1000------------r-----000-0-eng-d</controlfield><datafield ind1=" " ind2=" " tag="100"><subfield code="a">Billardon,Michel</subfield></datafield><datafield ind1=" " ind2=" " tag="245"><subfield code="a">Methode polarimetrique de precision dans la visible et l ultraviolet.applications a des problemes de dispersion rotatoire.these</subfield></datafield><datafield ind1=" " ind2=" " tag="260"><subfield code="a">Paris,Universite,196o. 35p</subfield></datafield><datafield ind1=" " ind2=" " tag="852"><subfield code="a">77986</subfield></datafield></record></collection>